@techreport{melville,
 author = {Hood, Robert T. and Melville, Robert C.},
 title = {Real Time Queue Operations in Pure LISP},
 year = {1980},
 source = {http://www.ncstrl.org:8900/ncstrl/servlet/search?formname=detail\&id=oai%3Ancstrlh%3Acornellcs%3ACORNELLCS%3ATR80-433},
 publisher = {Cornell University},
 address = {Ithaca, NY, USA},
}

@misc{gerth,
 author = {Gerth St√∏lting Brodal },
 year = {2013},
 howpublished =  "\url{http://www.cs.au.dk/~gerth/aa13/slides/functional.pdf}"
}

@book{okasaki, 
title={Purely Functional Data Structures},
author={Chris Okasaki},
publisher={Cambridge University Press},
year={1999},
month={6},
isbn={9780521663502},
}

@misc{ghc,
 howpublished =  "\url{http://www.haskell.org/ghc/}",
 year = {2013}
 }

@misc{criterion,
 howpublished =  "\url{https://github.com/bos/criterion}",
 year = {2013}
 }

 @misc{bos,
 author = {Bryan O'Sullivan},
 howpublished =  "\url{https://github.com/bos}",
 year = {2013}
 }
